<record><leader>02512nam a2200409 i 4500</leader><controlfield tag="001">6748996</controlfield><controlfield tag="003">FlBoTFG</controlfield><controlfield tag="005">20141121161956.0</controlfield><controlfield tag="006">m|||||o||d||||||||</controlfield><controlfield tag="007">cr||||</controlfield><controlfield tag="008">141121t20152015flu     ob    001 0 eng d</controlfield><datafield ind1=" " ind2=" " tag="020"><subfield code="a">9781482256529 (e-book : PDF)</subfield></datafield><datafield ind1=" " ind2=" " tag="035"><subfield code="a">ocn897461951</subfield></datafield><datafield ind1=" " ind2=" " tag="039"><subfield code="a">exclude</subfield></datafield><datafield ind1=" " ind2=" " tag="040"><subfield code="a">FlBoTFG</subfield><subfield code="b">eng</subfield><subfield code="c">FlBoTFG</subfield><subfield code="e">rda</subfield><subfield code="d">AEU</subfield></datafield><datafield ind1=" " ind2="4" tag="050"><subfield code="a">QA308</subfield><subfield code="b">.M75 2015</subfield></datafield><datafield ind1=" " ind2=" " tag="090"><subfield code="a">Internet Access</subfield><subfield code="b">AEU</subfield></datafield><datafield ind1="1" ind2=" " tag="100"><subfield code="a">Moll, Victor H.,</subfield><subfield code="d">1956-</subfield><subfield code="e">author.</subfield></datafield><datafield ind1="1" ind2="0" tag="245"><subfield code="a">Special integrals of Gradshetyn and Ryzhik /</subfield><subfield code="c">Victor H. Moll, Tulane University, New Orleans, Louisiana, USA.</subfield></datafield><datafield ind1=" " ind2="1" tag="264"><subfield code="a">Boca Raton :</subfield><subfield code="b">CRC Press,</subfield><subfield code="c">[2015]</subfield></datafield><datafield ind1=" " ind2="4" tag="264"><subfield code="c">&#169;2015</subfield></datafield><datafield ind1=" " ind2=" " tag="300"><subfield code="a">1 online resource.</subfield></datafield><datafield ind1=" " ind2=" " tag="336"><subfield code="a">text</subfield><subfield code="2">rdacontent</subfield></datafield><datafield ind1=" " ind2=" " tag="337"><subfield code="a">computer</subfield><subfield code="2">rdamedia</subfield></datafield><datafield ind1=" " ind2=" " tag="338"><subfield code="a">online resource</subfield><subfield code="2">rdacarrier</subfield></datafield><datafield ind1="1" ind2=" " tag="490"><subfield code="a">Monographs and research notes in mathematics</subfield></datafield><datafield ind1=" " ind2=" " tag="500"><subfield code="a">"A Chapman &amp; Hall book."</subfield></datafield><datafield ind1=" " ind2=" " tag="504"><subfield code="a">Includes bibliographical references and indexes.</subfield></datafield><datafield ind1="1" ind2=" " tag="505"><subfield code="a">A family of logarithmic integrals -- Elementary logarithmic integrals -- Combinations of logarithms and exponentials -- The gamma function -- Some trigonometric integrals -- The beta function -- Elementary examples -- Combinations of powers, exponentials, and logarithms -- Combinations of logarithms, rational and trigonometric functions -- The digamma function -- The incomplete beta function -- Some logarithmic integrals -- Trigonometric forms of the beta function -- Some logarithmic integrals -- Trigonometric forms of the beta function -- An elementary evaluation of entry 3.411.5 -- Frullani integrals -- Index of entries.</subfield></datafield><datafield ind1=" " ind2=" " tag="520"><subfield code="a">"This provides a compilation of papers published in Revista Scientia, a journal published by the Department of Mathematics from the University of Tecnica Frederico Santa Maria in Chilie. It details interesting approaches and techniques that help readers study other areas in mathematics. In addition to the original papers by the author, the book includes commentary to further clarify and provide instruction on the proofs."--</subfield><subfield code="c">Provided by publisher.</subfield></datafield><datafield ind1=" " ind2=" " tag="596"><subfield code="a">44</subfield></datafield><datafield ind1=" " ind2="0" tag="650"><subfield code="a">Definite integrals.</subfield></datafield><datafield ind1=" " ind2="0" tag="650"><subfield code="a">Integrals, Logarithmic.</subfield></datafield><datafield ind1=" " ind2="0" tag="830"><subfield code="a">Monographs and research notes in mathematics.</subfield></datafield><datafield ind1="4" ind2="0" tag="856"><subfield code="3">University of Alberta Access</subfield><subfield code="u">http://marc.crcnetbase.com/isbn/9781482256529</subfield><subfield code="z">(Unlimited Concurrent Users)</subfield></datafield><datafield ind1=" " ind2=" " tag="949"><subfield code="h">UAIN</subfield><subfield code="z">CRC</subfield></datafield><datafield ind1=" " ind2=" " tag="926"><subfield code="a">Internet Access</subfield><subfield code="w">LC</subfield><subfield code="c">1</subfield><subfield code="i">6748996-1001</subfield><subfield code="l">INTERNET</subfield><subfield code="m">UAINTERNET</subfield><subfield code="r">Y</subfield><subfield code="s">Y</subfield><subfield code="t">E-RESOURCE</subfield><subfield code="u">12/2/2014</subfield><subfield code="x">E-BOOK</subfield><subfield code="z">CRC</subfield></datafield></record>